@incollection{abba,
	Author = "Abba, Artemio and Goicochea, Maria Eugenia and Furlong, Liliana and Susini, Sonia and Laborda, Maximiliano",
	Year = 2015,
	Title = "El mapa social de la Región Metropolitana de Buenos Aires  en 2010. Una caracterización de la estructura socio-territorial  y una mirada a las transformaciones recientes a partir de los mapas sociales.",
	booktitle = "La distribución del ingreso en la Argentina",
	editor = "Cafe de las Ciudades",
	Address = "Buenos Aires, Argentina."
}

@article{altimir1975,
	Author = "Altimir, Oscar",
	Title = "La contabilidad social regional. El caso de la provincia del Chubut.",
	Journal = "Desarrollo Económico",
	Volume = 14,
	Number = 56,
	Editor = "IDES",
	Pages = "719--748",
	Month = "Jan.-Mar.",
	year = 1975,
	address = "Buenos Aires, Argentina",
	editor = "IDES",
}


@article{altimir1979,
	Author = "Altimir, Oscar",
	Title = "La dimensión de la pobreza en América Latina",
	Journal = "Cuadernos de la CEPAL",
	Number = 27,
	Address = "Santiago, Chile",
	year = 1979,
}

@article{altimir1986,
	Author = "Altimir, Oscar",
	Title = "Estimaciones de la distribución del ingreso en la Argentina, 1953-1980",
	Journal = "Desarrollo Económico",
	Volume = 25,
	Number = 100,
	Editor = "IDES",
	Month = "Jan.-Mar.",
	year = 1986,
	address = "Buenos Aires, Argentina",
	editor = "IDES",
}

@article{altimir2002,
	Author = "Altimir, Oscar and Becaria, Luis and Gonzalez Rozada, M.",
	Title = "La distribución del ingreso en Argentina, 1974 -2000",
	Journal = "Revista de la CEPAL",
	Number = 78,
	Address = "Santiago, Chile",
	year = 2002,
}

@lecture{alvarez1997,
	Author = "Alvarez, G. and Otros",
	Title = "Las Necesidades Básicas Insatisfechas: sus deficiencias técnicas y su impacto en la definición de políticas sociales",
	Year = 1997,
	Symposium = "Congreso Pobres y Pobreza en la Sociedad Argentina - Universidad Nacional de Quilmes",
	Address = "Buenos Aires Argentina"
}

@article{alvarez2002,
	Author = "Alvarez, G.",
	Title = "Capacidad económica de los hogares. Una aproximación a la insuficiencia de ingresos",
	Journal = "Notas de población CEPAL",
	Number = 74,
	Address = "Santiago, Chile",
	year = 2002,
	url = "http://www.cepal.org/es/publicaciones/37720-notas-de-poblacion-vol29-ndeg-74"
}

@incollection{artana,
	Author = "Artana, D. and Moskovits, C.",
	Year = 1999,
	Title = "Efectos de la política fiscal nacional sobre la distribución regional y personal del ingreso",
	booktitle = "La distribución del ingreso en la Argentina",
	editor = "Fundación de Investigaciones Económicas Latinoamericanas",
	Address = "Buenos Aires, Argentina."
}



@book{beccaria,
	Author = "Beccaria, Luis",
	Year = 1994,
	Title = "Técnicas de medición de la pobreza, Centro de Intercambio para el Desarrollo Social",
	Publisher = "CIDES - OEA",
	Address = "Buenos Aires, Argentina"
}

@book{beckar,
	Author = "Beckar, G.",
	Year = 1962,
	Title = "Investment in Human Capital: A theoretical analysis",
	Editor = "JPE"
}

@incollection{bemis,
	booktitle = "The Personal Distribution of Income and Wealth",
	chapter = "7",
	editor = " James D. Smith",
	Title = "Time Period, Unit of Analysis, and Income Concept
	in the Analysis of Income Distribution",
	Author = "Bemis, Jabob and Morgan, James N.",
	Pages = "209 - 224",
	Year = 1975,
	url = "http://www.nber.org/chapters/c3755.pdf"}

@lecture{bertoncello,
	Author = "Bertoncello, R.",
	Year = 1995,
	Title = "La movilidad territorial de la población: notas para la reflexión",
	Symposium = "En Asociación de Estudios de Población de la Argentina (AEPA). VII Jornadas Argentinas de Estudios de la Población. INDEC",
	Address = "Buenos Aires, Argentina"
}

@book{betin,
	Author = "Betin, G.",
	Year = 1982,
	Title = "Los sociólogos de la ciudad",
	Editor = "Gustavo Gili S.A.",
	Address = "Barcelona, España"
}

@book{blaug,
	Author = "Blaug, M.",
	Year = 1986,
	Title = "La metodología de la economía",
	Editor = "Alianza",
	Address = "Madrid, España"
}

@techreport{boltvinik1990,
	Author = "Boltvinik, J.",
	Year = 1990,
	Title = "Pobreza y necesidades básicas",
	Institution = "PNUD",
	Address = "Caracas, Venezuela"
}

@article{boltvinik1992,
	Author = "Boltvinik, J.",
	Year = 1992,
	Title = "El método de medición integrada de la pobreza. Una propuesta para su desarrollo",
	Journal = "Comercio Exterior",
	Number = 4,
	Volume = 42,
	Address = "México DF, Mexico"
}

@book{bourdieu2001,
	Author = "Bourdieu, P.",
	Year = 2001,
	Title = "Poder, Derecho y Clases sociales",
	Editor = "Desclee de Brower",
	Address = "Bilbao, España"
}

@book{bourdieu1991,
	Author = "Bourdieu, P.",
	Year = 1991,
	Title = "El sentido práctico",
	Editor = "Taurus",
	Address = "Madrid, España"
}

@lecture{bravo2000a,
	Author = "Bravo, Jorge",
	Title = "Estimaciones de ingreso y pobreza combinando Censos de Población y vivienda en encuestas de hogares",
	Year = 2000,
	Symposium = "CELADE-CEPAL - Quinto Taller Regional MECOVI sobre la Medición de la Pobreza: Métodos y Aplicaciones",
	day = "6 al 8 de junio"
	Address = "Aguascalientes México"
}

@techreport{bravo2000b,
	Author = "Bravo, Jorge",
	Year = 2000,
	Title = "Estimacion de ingreso y pobreza para áreas geográficas menores: avances recientes en América latina y el Caribe",
	Institution = "CEPAWCELADE-División de Población"
}

@magazine{buhmann,
	author = "Buhmann, B. and Rainwater, G. and Schmaus, G. and Smeeding, T.",
	Year = 1988,
	Title = "Equivalence scales, well being, inequality and poverty: sensitivity estimates across ten countries using the Luxembourg Income Study database",
	Journal = "Income and Wealth",
	Number = 34,
	Pages= "115-142"
}

@magazine{burgess1928,
	Author = "Burgess, Ernest",
	Year = 1928,
	Month = "Nov",
	Pages = "105-115",
	Title = "Residential Segregation in American Cities",
	Journal = "Annals of the American Academy of Political and Social Science",
	Volume = 140,
	Publisher = "Sage Publications, Inc. in association with the American Academy of Political and Social Science"
}

@book{buzai2014,
	Author = "Buzai, G.",
	Year = 2014,
	Title = "Mapas sociales urbanos",
	Editor = "Lugar",
	Address = "Buenos Aires, Argentina"
}

@incollection{buzaimarcos2014,
	Author = "Buzai, G. and Marcos, Mariana",
	Year = 2014,
	Title = "El mapa social a través de puntajes de clasificación espacial",
	booktitle = "Mapas sociales urbanos",
	editor = "Lugares",
	Address = "Buenos Aires, Argentina."
}


@book{castells,
	Author = "Castells, M.",
	Year = 2012,
	Title = "La cuestión urbana",
	Editor = "Siglo XXI",
	Address = "Buenos Aires, Argentina"
}

@techreport{conade,
	Author = "CONADE-CEPAL",
	Year = 1965,
	Title = "Distribucion del ingreso y cuentas nacionales en la Argentina",
}


@book{davies,
	Author = "Davies, J. and Sandström, S. and Shorrocks, A. and Wolff, E.",
	Year = 2012,
	Title = "The World Distribution Of Household Wealth",
	Editor = "UNU-WIDER",
	Address = "Helsinki, Finland"
}


@article{dash,
	Author = "Dash, Nelson G. and Rae, A.",
	Year = 2016,
	Title = "An Economic Geography of the United States: From Commutes to Megaregions. ",
	Number = 49,
	Journal = "Plos One",
	Editor = "Joshua L. Rosenbloom, Iowa State University",
	Address = "Iowa, Estados Unidos"}
}


@techreport{deie,
	Author = "DEIE",
	Institution = "Gobierno de la Provincia de Mendoza. ",
	Title = "Mendoza en Contexto",
	url = "http://www.deie.mendoza.gov.ar/publicaciones/MendozaenContexto/PBG/PBGmc.xls"
}

@techreport{gaggero,
	Author = "Gaggero, J y Rossignolo, D.",
	Year = 2011,
	Title = "Impacto del presupuesto sobre la equidad – Cuadro de situación  (Argentina 2010)",
	Number = 40,
	Institution = "Centro de Economía y Finanzas Para el Desarrollo de la Argentina",
	url = "http://www.cefid-ar.org.ar/documentos/DT40.pdf",
	Address = "Buenos Aires, Argentina"
}

@article{gasparini2000,
	Author = "Gasparini, L. and Marchionni, M. and Sosa Escudero, W.",
	Year = 2000,
	Title = "La distribución del ingreso en Argentina y en la provincia de Buenos Aires",
	Number = 49,
	Journal = "Cuadernos de Economía",
	Editor = "Ministerio de Economía de la Provincia de Buenos Aires",
	Address = "La Plata, Argentina"}

@article{gasparini2001,
	Author = "Gasparini, L. and Marchionni, M. and Sosa Escudero, W.",
	Year = 2001,
	Title = "La Distribución del Ingreso en la Argentina",
	Journal = "Centro de Estudios Distributivos, Laborales y Sociales (CEDLAS)"
}

@book{gasparini2012,
	Author = "Gasparini, L. and  Cicowiez, M. and Sosa Escudero, W.",
	Year = 2012,
	Title = "Pobreza y desigualdad en América Latina",
	Editor = "Temas Grupo Editorial",
	Address = "Buenos Aires, Argentina"}


@lecture{giayetto,
	Author = "Giayetto, J.",
	Title = "Macroeconomía y distribución del ingreso",
	Year = 2011,
	Symposium = "XVIII Jornadas de intercambio de conocimientos científicos y técnicos Facultad de Ciencias Económicas -UNRC"
}


@article{gottdiener,
	Author = "Gottdiener, M. and Feagin, J.R.",
	Title = "El cambio de paradigmas en la Sociología urbana",
	Journal = "Urban Affairs Quarterly",
	Volume = 24,
	Number = 2,
	year = 1988,
	url = "http://uar.sagepub.com/content/24/2/163.abstract"
}


@lecture{grania,
	Author = "Graña, J. and Kennedy, D. and Lindenboim, J. and Pissaco, C.",
	Title = "La distribución funcional del ingreso en Argentina: Incidencia de los precios relativos en la última década.  Proyecto UBACyT E-003",
	Year = 2005,
	Month = "Agosto",
	Symposium = "7mo congreso nacional de estudios del trabajo - Asociación argentina de especialistas en estudios del trabajo",
	url = "http://nsaruba.athost.net/blogs/lindem.pdf"
}

@incollection{groisman,
	Author = "Groisman, F. and Suárez, A. L.",
	Year = 2009,
	Title = "Residential Segregation in Greater Buenos Aires",
	booktitle = "Urban Segregation and Governance in the Americas",
	editor = "Palgrave Macmillan",
	Address = "NY, USA."
}


@book{harvey,
	Author = "Harvey, David",
	Year=1993,
	Title = "Social Justice and the City",
	Editor = "Blackwell Publishers",
	Address = "Oxford, Inglaterra"
}

@techreport{indec1984,
	Author = "INDEC",
	Year = 1984,
	Title = "La pobreza en la Argentina, Serie Estudios",
	Number = 1,
	Address = "Buenos Aires, Argentina"
}

@techreport{indec1996,
	Author = "INDEC",
	Year = 1996,
	Title = "Perfil de los hogares y de la población con Necesidades Básicas Insatisfechas (NBI), Serie Estudios",
	Number = 24,
	Address = "Buenos Aires, Argentina"
}

@lecture{indec2000a,
	Author = "INDEC",
	Year = 2000,
	Title = "Las necesidades básicas insatisfechas: sus definiciones y técnicas y su impacto en la definición de políticas sociales",
	Symposium = "Quinto Taller Regional MECOVI sobre la Medición de la Pobreza: Metodos y Aplicaciones",
	Month = "Junio",
	Address = "Aguascalientes, México",
	url = "http://www.cepal.org/deype/mecovi/taller5.htm"	
}

@lecture{indec2000b,
	Author = "INDEC",
	Year = 2000,
	Title = "Capacidad económica de los hogares. Vinculaciones entre la pobreza coyuntural y los comportamientos demográficos. Provincias seleccionadas, 1991",
	Symposium = "Quinto Taller Regional MECOVI sobre la Medición de la Pobreza: Metodos y Aplicaciones",
	Month = "Junio",
	Address = "Aguascalientes, México"
	url = "http://www.cepal.org/deype/mecovi/taller5.htm"	
}

@techreport{indec2003a,
	Author = "INDEC",
	Year = 2003,
	Title = "El estudio de la pobreza según el Censo Nacional de Población, Hogares y  Viviendas 2001: El Índice de Privación Material de los Hogares (IPMH). Dirección de Estadísticas Poblacionales. Desarrollo de Nuevas  Metodologías para el estudio de la pobreza con datos censales. Documento de Trabajo",
	Number = 61,
	Address = "Buenos Aires, Argentina"
}
@techreport{indec2003b,
	Author = "INDEC",
	Year = 2003,
	Title = "El estudio de la pobreza con datos censales: INDICE DE PRIVACION MATERIAL DE LOS HOGARES (IPMH) Metodología, resultados y perfiles por provincias. Dirección de Estadísticas Poblacionales. Desarrollo de Nuevas Metodologías para el estudio de la pobreza con datos censales. Documento de Trabajo",
	Number = 62,
	Address = "Buenos Aires, Argentina"
}


@lecture{indec2003c,
	Author = "INDEC",
	Year = 2003,
	Title = "El estudio de la pobreza con datos censales: INDICE DE PRIVACION MATERIAL DE LOS HOGARES (IPMH) Algunos resultados desde la perspectiva de género",
	Symposium = "Reunión técnica sobre la incorporación de la perspectiva de género en la medición de la pobreza",
	Address = "La Paz, Bolivia"
}


@techreport{indec2003d,
	Author = "INDEC",
	Year = 2003,
	Title = "Indicador de Capacidad Económica de los Hogares. Determinación del umbral de pobreza. Dirección de Estadísticas Poblacionales. Desarrollo de Nuevas Metodologías para el estudio de la pobreza con datos censales. Documento de Trabajo",
	Number = 59,
	Address = "Buenos Aires, Argentina"
}

@techreport{indec2003e,
	Author = "INDEC",
	Year = 2003,
	Title = "¿Qué es el Gran Buenos Aires?",
	Editor = "Gemini, Rosa",
	Address = "Buenos Aires, Argentina"
}

@techreport{indec2003f,
	Title = "La nueva Encuesta Permanente de Hogares de Argentina",
	Year = 2003,
	Author = "INDEC",
	Address = "Buenos Aires, Argentina",
	url = "http://www.indec.gov.ar/nuevaweb/cuadros/4/MetodologiaEPHContinua.pdf"}


@techreport{indec2012,
	Author = "INDEC",
	Year = 2012,
	Title = " Censo Nacional de Población, Hogares y Viviendas 2010: Censo del Bicentenario: Resultados definitivos Serie B",
	Number = 2,
	Address = "Buenos Aires, Argentina"
}

@techreport{indec2016,
	Author = "INDEC",
	Year = 2016,
	Day = 23,
	Month = "Agosto",
	Title = "Consideraciones sobre la revisión, evaluación y recuperación de la Encuesta Permanente de Hogares (EPH)"
}


@techreport{eah,
	Title = "Encuesta Anual de Hogares 2010. Síntesis metodológica",
	Author = "DGEC",
	Year=2010,
	Institution = "Dirección General de Estadística y Censos, Ministerio de Hacienda, Gobierno de la Ciudad de Buenos Aires",
	url = "www.google.com"}

@book{jelin,
	Author = "Jelin, Elizabeth",
	Year = 2010,
	title = "Pan y afectos – La transformación de las familias",
	Editor = "Fondo de Cultura Económica",
	Address = "Buenos Aires, Argentina"
}

@techreport{kanbur,
	Author = "Kanbur,  R. and Squire, L.",
	Year = 1999,
	Title = "The evolution of thinking about poverty exploring the interactions. Key Document for the World Development Report. World Bank",
	url = "http://www.worldbank.org/poverty/wdrpoverty/evolut.html"	
}
@magazine{katzman,
	Author = "Katzman, R.",
	Year = 1989,
	Title = "La heterogeneidad de la pobreza. El caso de Montevideo. Revista de la CEPAL",
	Number = 37,
	Address = "Santiago, Chile"}

@book{lefebvre,
	Author = "Lefebvre, Henry",
	Year = 1976,
	Title = "La revolución urbana",
	Editor = "Alianza",
	Address = "Madrid, España"}

@techreport{lindemboim,
	Author = "Lindenboim, J. and Graña, J. M. and D. Kennedy",
	Year = 2005, 
	Title = "Distribución funcional del ingreso en Argentina. Ayer y hoy",
	Institution = "CEPED - UBA",
	Number = 4,
	Address = "Buenos Aires, Argentina"
}


@article{lucas,
	Author = "Lucas, R.",
	Year = 1988,
	Title = "On the Mechanics of Development Planning",
	Journal = "Journal of Monetary Economics",
	Number = 22,
	Volume = 1,
	Pages = "3-42",
	Month = "Julio",}



@article{marcos2011,
	Author = "Marcos, Mariana",
	Year = 2011,
	Title = "Base cartográfica para el estudio de diferencias intraurbanas en la Aglomeración Gran Buenos Aires: procedimientos técnicos para su realización",
	Journal = "GEOSIG",
	Number = 3,
	Pages = "1-21",
}

@phdtesis{marcos2012,
	Author = "Marcos, Mariana",
	Year = 2012,
	Title = "Más allá de los promedios: diferencias y especificidades intraurbanas. La estructura demo-espacial de la Aglomeración Gran Buenos Aires en el año 2001",
	Type="Tesis doctoral",
	School = "Facultad de Ciencias Sociales - UBA"}

@article{marcos2015,
	Author = "Marcos, Mariana",
	Year = 2011,
	Title = "Estructura socioespacial de la aglomeración Gran Buenos Aires",
	Journal = "Geo UERJ",
	Number = 26,
	Pages = "22-54",
	url = "10.12957/geouerj.2015.11583"
}

@article{mckenzie,
	Author = "McKenzie,R. D. ",
	Title = "The Ecological Approach to the Study of the Human Community",
	Year = 1924,
	Month = "Nov",
	Journal = "American Journal of Sociology",
	Volume = 70,
	Number = 3,
	pages = "287-301",
	Publisher = "The University of Chicago Press"
}


@article{mera2012,
	Author = "Mera, Gabriela y Marcos, Mariana",
	Year = 2012,
	Title = "La dimensión espacial de las diferencias sociales. Alcances y limitaciones metodológico-conceptuales de las herramientas estadísticas para abordar la distribución espacial intraurbana",
	Journal  = "Revista Universitaria de Geografía (RUG)",
	Volume = 20,
	Pages = "41-66"}

@book{marx2004,
	Author = "Marx, Karl",
	Title = "El Capital. Tomo I",
	Year = 2004,
	Editor = "Siglo XXI",
	Address= "Buenos Aires, Argentina"}

@book{marx2011,
	Author = "Marx, Karl",
	Title = "El Capital. Tomo III",
	Year = 2011,
	Editor = "Siglo XXI",
	Address= "Buenos Aires, Argentina"}

@article{milanovic2002,
	Author = "Milanovic, B.",
	Title = "True World Income Distribution, 1988 and 1993: First  Calculation Based on Household Surveys Alone",
	Year = 2002,
	Journal = "Economic Journal",
	Number = 112,
	Pages = "51-92"}

@book{milanovic2005,
	Author = "Milanovic, B.",
	Year = 2005,
	Title = "Worlds Apart, Measuring International and Global Inequality",
	Editor = "Princeton University Press"}


@book{mincer,
	Author = "Mincer, J.",
	Year = 1958,
	Title = "Investment in Human Capital and Personal Income Distribution",
	Editor = "JPE"}

@techreport{minujin,
	Author = "Minujin, A.",
	Year = 1992,
	Title = "Los senderos que se bifurcan",
	Institution = "GADIS"
	Number = 11,
	Address = "Buenos Aires, Argentina"}

@article{monza,
	Author = "Monza, A.",
	Year = 1973,
	Title = "La medición empírica de la Distribución Funcional de Ingreso",
	Journal = "Desarrollo Económico",
	Volume = 13,
	Number = 50,
	Editor = "IDES",
	Pages = "289--314",
	Month = "Jul.-Sep.",
	address = "Buenos Aires, Argentina",
	editor = "IDES",	
}


@article{openshaw1977,
	Author = "Openshaw, Stan",
	Year = 1977,
	Title = "A Geographical Solution to Scale and Aggregation Problems in Region-Building, Partitioning and Spatial Modelling",
	Journal = "Transactions of the Institute of British Geographers",
	Volume = 2,
	Number = 4,
	Pages ="459-472"
}

@article{openshaw1984,
	Author = "Openshaw, Stan",
	Year = 1984,
	Title = "The modifiable areal unit problem",
	Journal = "Concepts and Techniques in Modern Geographies",
	Number = 38	
}


@article{orsatti,
	Author = "Orsatti, A. and Mann, A.",
	year = 1986,
	Title = "Desigualdades regionales e ingresos familiares en la Argentina",
	Journal = "Desarrollo Económico",
	Volume = 26,
	Number = 102,
	Editor = "IDES",
	Pages = "289--314",
	Month = "Jul.-Sep.",
	address = "Buenos Aires, Argentina",
	editor = "IDES",
}


@book{oszlak,
	Author = "Oszlak, Oscar",
	Year = 1991,
	Title = "Merecer la ciudad - Los pobres y el derecho al espacio urbano",
	Editor = "HVMANITAS - CEDES",
	Address = "Buenos Aires, Argentina"
}

@article{park,
	Author = "Park, R. E.",
	Year = 1936,
	Title = "Human ecology",
	Journal = "American Journal of Sociology",
	Volume = 42,
	Number= 1,
	Publisher = "University of Chicago Press",
	Address = "CH, EEUU"}

@book{ricardo,
	Author = "Ricardo, David",
	Year = 1994,
	Title = "Principios de economía política y tributación",
	Editor = "Fondo de Cultura Económica",
	Address = "México DF, México"
}
@intechreport{robirosa,
	Author = "Robirosa, M.",
	Year = 1996,
	Title = "Microespacios, municipios y otras jurisdicciones locales. Problemas y recomendaciones para su tratamiento",
	booktitle = "Aspectos teóricos y metodológicos relativos al diseño conceptual de la cédula censal. Serie D",
	number = 2,
	volume = 2,
	Institution = "INDEC",
	Editor = "INDEC",
	Address = "Buenos Aires, Argentina"}

@article{rodriguez,
	Author = "Rodriguez Espinoza, Eduardo",
	Year = 1991,
	Title = "Los movimientos cotidianos de población por motivos laborales en las ciudades pequeñas de servicios. El caso de Ciudad Real",
	Journal = "Centro de estudios de Castilla - La Mancha",
	Number = 21,
	Pages = "151--168",
	Address = "Madrid, España"}



@lecture{sala,
	Author = "Sala, G.",
	Month = "Octubre",
	Year = 1999,
	Title = "Características de las viviendas de los migrantes limítrofes de la provincia de Buenos Aires",
	symposium = "En V Jornadas Argentinas de Estudios de Población",
	Address = "Luján, Argentina"}


@techreport{sanchez,
	Author = "Sanchez Torres, F. and Núñez Méndez, J.",
	Year = "2002",
	Title = "A dynamic analysis of household decision-making in urban Colombia, 1976-1998 : changes in household structure, human capital and its returns, and female labor force participation",
	Institution = "Banco Interamericano de Desarrollo, Redes de centros de investigación" ,
	number = "R-449"}


@article{schteingart,
	Author = "Schteingart, M. y Torres, H.",
	year = 1973,
	Title = "Procesos sociales y estructuración metropolitana en América Latina. Estudio de casos",
	Journal = "Desarrollo Económico",
	Volume = 12,
	Number = 48,
	Editor = "IDES",
	Pages = "725--760",
	Month = "Jan.-Mar.",
	address = "Buenos Aires, Argentina",
	editor = "IDES",
}

@article{schultz1961,
	Author = "Schultz, T.",
	Year = 1961,
	Title = "Investment in Human Capital",
	Journal = "AER"}

@article{schultz1962,
	Author = "Schultz, T.",
	Year = 1962,
	Title = "Reflections on Investment in Man",
	Journal = "PJE"}

@article{sen,
	Author = "Sen, A.",
	Year = 1992,
	Title = "Sobre conceptos y medidas de pobreza",
	Journal = "Comercio Exterior",
	Volume = 42,
	Number = 4}

@book{soja,
	Author = "Soja, Edward W.",
	Year = 1989,
	Title = "Postmodern Geographies",
	Editr = "Verso",
	Address = "Londres, Inglaterra"}

@article{theil,
	Author = "Theil, H.",
	Year = 1979,
	Title = "World income inequality and its components.",
	Journal = "Economics Letters",
	Volume = 2,
	Number = 1,
	Pages = "99–102"}


@article{thuiller,
	Author = "Thuiller, G.",
	Year = 2005,
	Title = "El impacto socio-espacial de las urbanizaciones cerradas: el caso de la Región Metropolitana de Buenos Aires",
	Journal = "Eure",
	Number = 93,
	Pages = "5–20",
	Address = "Santiago, Chile"}

@book{titmuss,
	Author = "Titmuss, R. M.",
	Year = 1962,
	Title = "Income distribution and Social Change",
	Editor = "Allen & Unwin",
	Address = "Londres, Inglaterra"}


@article{torrado1981,
	Author = "Torrado, Susana",
	Year = 1979,
	Title = "Sobre los conceptos Estrategias Familiares de Vida y Proceso de Reproducción de la Fuerza de Trabajo. Notas teóricas metodológicas",
	Journal = "Demografía y Economía",
	Volume = 15,
	Number = 2,
}
@book{torrado1998,
	Author = "Torrado, Susana",
	Year = 1998,
	Title = "Familia y diferenciación social: Cuestiones de Método",
	Editor = "Eudeba",
	Address = "Buenos Aires, Argentina"}

@book{torrado2003,
	Author = "Torrado, Susana",
	Year = 2003,
	Title = "Historia de la familia en la Argentina moderna (1870-2000)",
	Editor = "Ediciones de la Flor",
	Address = "Buenos Aires, Argentina"}

@article{torres1975,
	Author = "Torres, H.",
	year = 1975,
	Title = "Evolución de los procesos de estructuración espacial urbana. El caso de Buenos Aires",
	Journal = "Desarrollo Económico",
	Volume = 15,
	Number = 58,
	Editor = "IDES",
	Pages = "281-306",
	Month = "Jul.-Sep.",
	address = "Buenos Aires, Argentina",
	editor = "IDES",
}

@article{torres1978,
	Author = "Torres, H.",
	year = 1978,
	Title = "El Mapa Social de Buenos Aires en 1943, 1947 y 1960. Buenos Aires y los Modelos Urbanos",
	Journal = "Desarrollo Económico",
	Volume = 18,
	Number = 70,
	address = "Buenos Aires, Argentina",
	editor = "IDES",
}


@article{torres1990,
	Author = "Torres, H.",
	Title = "Cambios socioterritoriales en Buenos Aires durante la década de 1990",
	Year = 2001,
	Journal = "EURE Revista Latinoamericana de Estudios Urbano Regionales",
	Volume = 27,
	Number = 80,
	Editor = "EURE",
	Pages = "33--57",
}


@techreport{vapniarsky1998,
	Author = "Vapñarsky, C.",
	Year = 1998,
	Title = "El concepto de localidad: definición, estudios de caso y fundamentos teórico–metodológicos. INDEC. Censo Nacional de Población y Vivienda 1991 - Serie D",
	Number = 4,
	Institution - "INDEC",
	Address = "Buenos Aires, Argentina"
}


@article{vapniarsky1995,
	Author = "Vapñarsky, C.",
	Title = "Primacía y macrocefalia en la Argentina: la transformación del sistema de asentamiento humano desde 1950",
	Journal = "Desarrollo Económico",
	Volume = 35,
	Number = 138,
	Editor = "IDES",
	Month = "Jul.-Sept.",
	year = 1995,
	address = "Buenos Aires, Argentina",
	editor = "IDES",
}


@article{vilagrasa,
	Author = "Vilagrasa i Ibarz, Joan ",
	Title = "Segregación social urbanaintroducción a un proyecto de investigación",
	Journal = "Anales de geografía de la Universidad Complutense",
	Number = 15,
	Editor = "Universidad de la Rioja",
	year = 1995,
	address = "Madrid, España"
}



@book{weber,
	Author = "Weber, Max",
	Year = 2001,
	Title = "Ensayos sobre metodología sociológica",
	Editor = "Amorrortu",
	Address = "Buenos Aires, Argentina"}

@article{wirth,
	Author = "Wirth, Louis",
	Title = "Urbanism as a Way of Life",
	Year = 1938,
	Month = "Jul",
	Journal = "American Journal of Sociology",
	Volume = 44,
	Number = 1,
	pages = "1-24",
	Publisher = "The University of Chicago Press"
}


@techreport{worldbank,
	Author = "World Bank, Institute",
	Year = 2005,
	Title = "Introduction to Poverty Analysis",
	url = "http://siteresources.worldbank.org/PGLP/Resources/PovertyManual.pdf"}

@book{wrightmills,
	Author = "Wright Mills, Charles ",
	Year = 1994,
	Title = "La imaginación sociológica",
	Editor = "Fondo de Cultura Económica",
	Address = "México DF, México"}

@book{yujnovsky,
	Author = "Yujnovsky, O.",
	Year = 1984,
	Title = "Claves políticas del problema habitacional argentino, 1955/1981",
	Editor = "Grupo Editor Latinoamericano",
	Address = "Buenos Aires, Argentina"}
